@article{20210628:coverity,
	title={Coverity 2020.09 Checker Reference},
	author={{Synopsis, Inc.}},
	year={2020}
}
@article{20210628:cwe-190,
        title={CWE-190: Integer Overflow or Wraparound},
        author={{CWE Content Team}},
        organization={MITRE},
        year={2021},
        url={https://cwe.mitre.org/data/definitions/190.html}
}
@online{20210628:ics21-119-04,
	author={US-CERT},
	title={{ICS Advisory (ICSA-21-119-04): Multiple RTOS (Update B)}},
	date={2021-05-20},
	organization={CISA},
	url={https://us-cert.cisa.gov/ics/advisories/icsa-21-119-04},
	urldate={2021-06-28}
}
