@online{20210816:pwgen,
	author={Klaus, Philipp},
	title={pwgen - generate pronouncable passwords},
	date={2011-06-21},
	url={https://raw.githubusercontent.com/jbernard/pwgen/master/pwgen.1},
	urldate={2021-08-09}
}
@techreport{20210816:ASDStig,
	month={10},
	year={2020},
	title={Application Security and Development STIG V5R1},
	url={https://dl.dod.cyber.mil/wp-content/uploads/stigs/zip/U_ASD_V5R1_STIG.zip}
}
