@article{20210913:cwe-589,
        title={CWE-589: Call to Non-ubiquitous API},
        author={{CWE Content Team}},
        organization={MITRE},
        year={2021},
        url={https://cwe.mitre.org/data/definitions/589.html}
}
