@online{20210705:ics21-119-04,
	author={US-CERT},
	title={{ICS Advisory (ICSA-21-119-04): Multiple RTOS (Update B)}},
	date={2021-05-20},
	organization={CISA},
	url={https://us-cert.cisa.gov/ics/advisories/icsa-21-119-04},
	urldate={2021-06-23}
}
@techreport{20210705:nist80053rev5,
	author={National Institute of Standards and Technology},
	title={Security and Privacy Controls for Information Systems and Organizations},
	institution={U.S. Department of Commerce},
	address={Washington, D.C.},
	number={Special Publication (SP) 800-53 Revision 5},
	DOI={10.6028/NIST.SP.800-53r5},
	year={2001},
	url={https://nvlpubs.nist.gov/nistpubs/SpecialPublications/NIST.SP.800-53r5.pdf}
}
@online{20210705:wheeler2019,
	author={Wheeler, David A.},
	title={SPDX Tutorial},
	date={2019-10-3},
	url={https://github.com/david-a-wheeler/spdx-tutorial/blob/cee3cbe7ae5f83ec478e2acf2c9282eafd42ff0f/README.md},
	urldate={2021-06-23}
}
