@article{20210503-stackoverflow,
	title={How to list/download the recursive dependencies of a debian package?},
	author={Vo, Yann},
	organization={Stack Overflow},
	year={2019},
	url={https://stackoverflow.com/a/41428445}
}
