@online{20211004:svoboda,
	author={Svoboda, David},
	title={IDS31-PL},
	subtitle={Do not use the two-argument form of open()},
	date={2017-11-16},
	url={https://wiki.sei.cmu.edu/confluence/pages/viewpage.action?pageId=88890543},
	urldate={2021-10-04}
}
@online{20211004:dimov,
	author={Dimov, Jordan},
	title={Security Issues in Perl Scripts},
	url={https://www.cgisecurity.com/lib/sips.html},
	urldate={2021-10-04}
}
