@manual{20210405-ar25-2,
	title={Army Regulation 25â€“2},
	subtitle={Information Management: Information Assurance},
	author="{HQDA}",
	organization={Department of the Army},
	address={Washington, DC, USA},
	year={2019},
	url={https://armypubs.army.mil/epubs/DR_pubs/DR_a/pdf/web/ARN17503_AR25_2_Admin_FINAL.pdf}
}
@manual{20210405-far,
	title={Federal Acuisition Regulation},
	subtitle={Definitions},
	author="{GSA}",
	organization={Department of Defense},
	year={2019},
	url={https://www.acquisition.gov/far/2.101}}
}
