@techreport{20210809:grm,
	author={{AdaCore}},
	title={GNAT Reference Manual},
	institution={Free Software Foundation},
	year={2020},
	url={https://gcc.gnu.org/onlinedocs/gcc-11.2.0/gnat_rm.pdf}
}
@online{20210809:gnathie,
	author={{AdaCore}},
	title={GNAT User's Guide Supplement for GNAT Pro Safety-Critical and GNAT Pro High-Security},
	date={2018-10-17},
	url={https://docs.adacore.com/gnathie_ug-docs/html/gnathie_ug/gnathie_ug.html},
	urldate={2021-08-06}
}
@online{20210809:gnatugx,
	author={{AdaCore}},
	title={GNAT User's Guide Supplement for Cross Platforms},
	date={2021-08-05},
	url={https://docs.adacore.com/gnat_ugx-docs/html/gnat_ugx/gnat_ugx.html},
	urldate={2021-08-06}
}
@online{20210809:adap,
	author={Wikibooks},
	title={Ada Programming/Object Orientation --- Wikibooks{,} The Free Textbook Project},
	year={2021},
	url={https://en.wikibooks.org/w/index.php?title=Ada_Programming/Object_Orientation&oldid=3956556#Constructors},
	urldate={2021-08-06}
}
@book{20210809:viega200924,
	title={24 Deadly Sins of Software Security},
	subtitle={Programming Flaws and How to Fix Them},
	author={Viega, John and Howard, Michael and LeBlanc, David},
	isbn={9780071626750},
	lccn={2009031994},
	year={2009},
	publisher={McGraw-Hill Education}
}
