@online{20211220:gcc10,
	author={Malcolm, David},
	title={Static Analysis in GCC 10},
	organization={RedHat Developer},
	date={2020-03-26},
	url={https://developers.redhat.com/blog/2020/03/26/static-analysis-in-gcc-10}
}
@online{20211220:gcc11,
	author={Malcolm, David},
	title={Static Analysis Updates in GCC 11},
	organization={RedHat Developer},
	date={2021-01-28},
	url={https://developers.redhat.com/blog/2021/01/28/static-analysis-updates-in-gcc-11}
}
