@article{20210830:cwe-499,
        title={CWE-499: Serializable Class Containing Sensitive Data},
        author={{CWE Content Team}},
        organization={MITRE},
        year={2021},
        url={https://cwe.mitre.org/data/definitions/499.html}
}
@online{20210830:javaserialization,
        author={{Tutorials Point}},
        title={Java - Serialization},
        date={2018-03-26},
        url={https://www.tutorialspoint.com/java/java_serialization.htm},
        urldate={2021-08-26}
}
@online{20210830:kryo,
	author={Kryo Contributors},
	title={Kryo},
	subtitle={Java binary serialization and cloning},
	date={2021-08-26},
	url={https://github.com/EsotericSoftware/kryo},
	urldate={2021-08-26}
}
