@inproceedings{20210510:nikiforakis2014soundsquatting,
        title={Soundsquatting: Uncovering the use of homophones in domain squatting},
        author={Nikiforakis, Nick and Balduzzi, Marco and Desmet, Lieven and Piessens, Frank and Joosen, Wouter},
        booktitle={International Conference on Information Security},
        pages={291--308},
        year={2014},
        organization={Springer}
}
