@online{20210906:CVE-2017-13777,
	author={{MITRE}},
	title={{CVE}-2017-13777},
	howpublished="Available from MITRE, {CVE-ID} {CVE}-2017-13777.",
	month=aug,
	year={2017},
	url={http://cve.mitre.org/cgi-bin/cvename.cgi?name=CVE-2017-13777},
	urldate={30 August 2017}
}
