@book{20210621:calder2020cyber,
	title={The Cyber Security Handbook},
	subtitle={Prepare for, respond to and recover from cyber attacks},
	author={Calder, Alan},
	isbn={9781787782617},
	year={2020},
	publisher={IT Governance Publishing Ltd}
}
@proceedings{20210621:hurt2017,
	title={Achieving DoD Software Assurance (SwA)},
	author={Hurt, Thomas},
	organization={Joint Federated Assurance Center (JFAC)},
	series={NDIA Systems Engineering Conference},
	number={20},
	year={2017},
	month={Oct},
	address={Springfield, VA},
	url={https://ndiastorage.blob.core.usgovcloudapi.net/ndia/2017/systems/Thursday/Track1/19911_Hurt.pdf}
}
@techreport{20210621:marien2017,
	title={Incorporating Software Assurance into Department of Defense Acquisition Contracts},
	author={Marien, John R. and Martin, Robert A.},
	institution={Department of Defense (DoD) Software Assurance (SwA) Community of Practice (CoP) Contract Language Working Group},
	year={2017},
	url={https://rt.cto.mil/wp-content/uploads/2019/06/Incorporating-SwA-Contracts-2017-11-15.pdf}
}
@electronic{20210621:ndaa2013,
	author="{NATIONAL DEFENSE AUTHORIZATION ACT FOR FISCAL YEAR 2013}",
	howpublished={Public Law 112â€“239},
	year={2013},
	month={Jan}
}
@book{20210621:rains2020cybersecurity,
	title={Cybersecurity Threats, Malware Trends, and Strategies},
	subtitle={Learn to mitigate exploits, malware, phishing, and other social engineering attacks},
	author={Rains, Tim},
	isbn={9781800205895},
	year={2020},
	publisher={Packt Publishing}
}
