@article{20210517:haahr,
	title={Introduction to Randomness and Random Numbers},
	author={Haahr, Mads},
	organization={RANDOM.ORG},
	journal={RANDOM.ORG},
	year={2021},
	url={https://www.random.org/randomness/}
}
@article{20210517:cpp-rand,
	title={rand},
	author={Various},
	organization={cplusplus.com},
	journal={cplusplus.com},
	year={2021},
	url={https://www.cplusplus.com/reference/cstdlib/rand/}
}
@article{20210517:cpp-random,
	title={<random>},
	author={Various},
	organization={cplusplus.com},
	journal={cplusplus.com},
	year={2021},
	url={https://www.cplusplus.com/reference/random/}
}
@article{20210517:java,
	title={Class Random},
	author={Various},
	organization={Oracle},
	journal={Java 8 Documentation},
	year={2021},
	url={https://docs.oracle.com/javase/8/docs/api/java/util/Random.html}
}
@article{20210517:cwe-337,
        title={CWE-337: Predictable Seed in Pseudo-Random Number Generator (PRNG)},
        author={{CWE Content Team}},
        organization={MITRE},
        year={2020},
        url={https://cwe.mitre.org/data/definitions/337.html}
}
@article{20210517:cwe-338,
        title={CWE-338: Use of Cryptographically Weak Pseudo-Random Number Generator (PRNG)},
        author={{CWE Content Team}},
        organization={MITRE},
        year={2021},
        url={https://cwe.mitre.org/data/definitions/338.html}
}
@manual{20210517:annexc,
        title={Annex C: Approved Random Number Generators for FIPS PUB 140-2},
        subtitle={Security Requirements for Cryptographic Modules},
        author="{National Institute of Standards and Technology}",
        organization={Department of Commerce},
        year={2019},
        url={https://csrc.nist.gov/CSRC/media/Publications/fips/140/2/final/documents/fips1402annexc.pdf}
}
