@online{20211101:sharma2021,
	author={Sharma, Ax},
	title={Codecov hack aftermath},
	subtitle={hundreds breached, many more to follow},
	organization={Security Report},
	date={2011-04-27},
	url={https://securityreport.com/codecov-hack-aftermath-hundreds-breached-many-more-to-follow/},
	urldate={2021-11-01}
}
