@article{20210412:stroustrup2001,
	title={Exception Safety: Concepts and Techniques},
	author={Stroustrup, Bjarne},
	organization={AT\&T Labs},
	year={2001},
	url={https://www.stroustrup.com/except.pdf}
}
