@article{20210419-codeproject,
	title={To Avoid Heap Inspection},
	author={Unknown},
	organization={CodeProject},
	year={2015},
	url={https://www.codeproject.com/Questions/1039781/To-Avoid-Heap-Inspection-I-Used-Securestring-Inste}
}
@article{20210419-cwe-244,
	title={CWE-244: Improper Clearing of Heap Memory Before Release ('Heap Inspection')},
	author={{CWE Content Team}},
	organization={MITRE},
	year={2020},
	url={https://cwe.mitre.org/data/definitions/244.html}
}
@article{20210419-guru99,
	title={Stack vs Heap: Know the Difference},
	author={Unknown},
	organization={Guru99},
	url={https://www.guru99.com/stack-vs-heap.html}
}
@article{20210419-indika,
	title={Difference Between Stack and Heap},
	author={Indika},
	organization={Difference Between},
	year={2011},
	url={https://www.differencebetween.com/difference-between-stack-and-vs-heap/}
}
@article{20210419-swain,
	title={How to fix heap inspection vulnerability in c\#},
	author={Swain, Chittaranjan},
	organization={C\# Corner},
	year={2019},
	url={https://www.c-sharpcorner.com/forums/how-to-fix-heap-inspection-vulnerability-in-c-sharp}
}
