@article{20211129:hood,
	title={Homoglyphs and Homographic Attacks},
	author={Hood, Jon},
	year={2021},
	journal={SwATips.com},
	url={https://www.swatips.com/articles/20210510.html}
}
@article{20211129:boucher,
	title={Trojan {Source}: {Invisible} {Vulnerabilities}},
	author={Nicholas Boucher and Ross Anderson},
	year={2021},
	journal={Preprint},
	eprint={2111.00169},
	archivePrefix={arXiv},
	primaryClass={cs.CR},
	url={https://arxiv.org/abs/2111.00169}
}
