@techreport{20220328:cnssp15,
	author={{Committee on National Security Systems}},
	title={Use of Public Standards for Secure Information Sharing},
	institution={NSA},
	address={Ft. Meade, MD},
	number={CNSSP 15},
	year={2016},
	url={https://www.cnss.gov/CNSS/issuances/Policies.cfm}
}
@techreport{20220328:nist80057p1r5,
	author={Barker, Elaine},
	title={Recommendation for Key Management},
	subtitle={Part 1 -- General},
	institution={National Institute of Standards and Technology},
	address={Washington, D.C.},
	number={Special Publication (SP) 800-57 Part 1 Revision 5},
	DOI={10.6028/NIST.SP.800-57pt1r5},
	year={2020},
	url={https://nvlpubs.nist.gov/nistpubs/SpecialPublications/NIST.SP.800-57pt1r5.pdf}
}
