@online{20220321:almabug,
	author={Jon Hood},
	title={AlmaLinux Bug Tracker},
	organization={AlmaLinux},
	date={2022-03-21},
	url={https://bugs.almalinux.org/view.php?id=202}
}
@online{20220321:centos-eol,
	author={{CentOS}},
	title={CentOS Linux EOL},
	organization={CentOS},
	date={2021-12-31},
	url={https://www.centos.org/centos-linux-eol/}
}
