@techreport{20220202:dodm520001mvol2,
	author={{Department of Defense}},
	title={Department of Defense Manual 5200.01 Volume 2},
	institution={Department of Defense},
	address={Washington, D.C.},
	number={Incorporating Change 4, Effective July 28, 2020},
	year={2020},
	url={https://www.esd.whs.mil/Portals/54/Documents/DD/issuances/dodm/520001m_vol2.pdf}
}

@techreport{20220202:dapam25-2-13,
	author={{Department of the Army}},
	title={Department of the Army Pamphlet 25--2--13},
	subtitle={Army Identity, Credential, and Access Management and Public Key Infrastructure Implementing Instructions},
	institution={Department of the Army},
	address={Washington, D.C.},
	year={2019},
	url={https://armypubs.army.mil/epubs/DR_pubs/DR_a/pdf/web/ARN17425_P25_2_13_Admin_FINAL.pdf}
}
