@article{20220613:2021Dangerous,
        title={2021 CWE Top 25 Most Dangerous Software Weaknesses},
        author={{CWE Content Team}},
        organization={MITRE},
        year={2021},
        url={https://cwe.mitre.org/top25/archive/2021/2021_cwe_top25.html}
}
@
@techreport{20220613:marien,
	author={Marien, John R. and Martin, Robert A.},
	title={Incorporating Software Assurance into Department of Defense Acquisition Contracts},
	institution={Office of the Deputy Assistant Secretary of Defense for Systems Engineering},
	address={Washington, D.C.},
	year={2017},
	url={https://rt.cto.mil/wp-content/uploads/2019/06/Incorporating-SwA-Contracts-2017-11-15.pdf}
}
@article{20220613:hood,
	title={Homoglyphs and Homographic Attacks},
	author={Hood, Jon},
	year={2021},
	journal={SwATips.com},
	url={https://www.swatips.com/articles/20210510.html}
}
@article{20220613:hood2,
	title={Malicious Injection of Source Code},
	author={Hood, Jon},
	year={2021},
	journal={SwATips.com},
	url={https://www.swatips.com/articles/20211129.html}
}
