@book{20230918:myers1976,
        title={Software Reliability},
        author={Myers, Glenford J},
        organization={{IBM Systems Research Institute}},
	year={1976},
	publisher={John Wiley \& Sons, Inc.},
	isbn={9780471627654}
}

@techreport{20230918:dodi500061,
	author={{Department of Defense}},
	title={Department of Defense Instruction 5000.61},
	institution={Department of Defense},
	address={Washington, D.C.},
	number={Incorporating Change 1, October 15, 2018},
	year={2018},
	url={https://www.esd.whs.mil/Portals/54/Documents/DD/issuances/dodi/500061p.pdf}
}

@techreport{20230918:nist500268,
	author={National Institute of Standards and Technology},
	title={Security and Privacy Controls for Information Systems and Organizations},
	institution={U.S. Department of Commerce},
	address={Washington, D.C.},
	number={Special Publication (SP) 500-268 v1.1},
	DOI={10.6028/NIST.SP.500-268v1.1},
	year={2011},
	url={https://nvlpubs.nist.gov/nistpubs/Legacy/SP/nistspecialpublication500-268v1.1.pdf}
}

@techreport{20230918:nist80053rev5,
	author={National Institute of Standards and Technology},
	title={Security and Privacy Controls for Information Systems and Organizations},
	institution={U.S. Department of Commerce},
	address={Washington, D.C.},
	number={Special Publication (SP) 800-53 Revision 5},
	DOI={10.6028/NIST.SP.800-53r5},
	year={2020},
	url={https://nvlpubs.nist.gov/nistpubs/SpecialPublications/NIST.SP.800-53r5.pdf}
}

@techreport{20230918:dodi850001,
	author={{Department of Defense}},
	title={Department of Defense Instruction 8500.01},
	institution={Department of Defense},
	address={Washington, D.C.},
	number={Incorporating Change 1, October 7, 2019},
	year={2019},
	url={https://www.esd.whs.mil/portals/54/documents/dd/issuances/dodi/850001_2014.pdf}
}

@ARTICLE{20230918:ieee1012,
	author={{IEEE Standards Association}},
	journal={IEEE Std 1012-2016 (Revision of IEEE Std 1012-2012/ Incorporates IEEE Std 1012-2016/Cor1-2017)},
	title={IEEE Standard for System, Software, and Hardware Verification and Validation},
	year={2017},
	pages={1-260},
	doi={10.1109/IEEESTD.2017.8055462}
}

@ARTICLE{20230918:jones2003,
	title={An Introduction To Property Checkers For Functional Verification},
	author={Jones, Andrew and Sonander, Jeremy},
	year={2003},
	publisher={Saros Technology},
	url={https://averant.com:8443/assets/pdf/Intro_PropVer.pdf}
}

@inproceedings{20230918:foster2015trends,
	title={Trends in functional verification: A 2014 industry study},
	author={Foster, Harry D},
	booktitle={Proceedings of the 52nd Annual Design Automation Conference},
	pages={1--6},
	year={2015}
}

@techreport{20230918:ASDStig,
	month={7},
	year={2023},
	title={Application Security and Development STIG V5R3},
	url={https://dl.dod.cyber.mil/wp-content/uploads/stigs/zip/U_ASD_V5R3_STIG.zip}
}
