@article{20230403:ptm,
        title={Pointers to Members},
        author={{Standard C++ Foundation}},
        organization={{Standard C++ Foundation}},
        url={https://isocpp.org/wiki/faq/pointers-to-members}
}
