@techreport{20240212:nist80037rev2,
	author={National Institute of Standards and Technology},
	title={Risk Management Framework for Information Systems and Organizations},
	institution={U.S. Department of Commerce},
	address={Washington, D.C.},
	number={Special Publication (SP) 800-37 Revision 2},
	DOI={10.6028/NIST.SP.800-37r2},
	year={2018},
	url={https://nvlpubs.nist.gov/nistpubs/SpecialPublications/NIST.SP.800-37r2.pdf}
}

@techreport{20240212:dodi851001,
	author={{Department of Defense}},
	title={Department of Defense Instruction 8510.01},
	subtitle={Risk Management Framework for DoD Systems},
	institution={Department of Defense},
	address={Washington, D.C.},
	year={2022},
	url={https://www.esd.whs.mil/Portals/54/Documents/DD/issuances/dodi/851001p.pdf}
}

@techreport{20240212:vaglia2017,
	author={Vaglia, Laura and Castleberry, Jey},
	title={Facility Related Control System Inventory},
	year={2017},
	url={https://usarsustainabilitydotcom.files.wordpress.com/2017/12/facility-related-control-system-inventory.pdf}
}

@techreport{20240212:disncpg,
	author={{Defense Information Systems Agency}},
	title={Defense Informatoin System Network (DISN) Connection Process Guide (CPG)},
	year={2023},
	address={Fort Meade, Maryland},
	url={https://dl.dod.cyber.mil/wp-content/uploads/connect/pdf/unclass-DISN_CPG.pdf}
}

@techreport{20240212:dodi850001,
	author={{Department of Defense}},
	title={Department of Defense Instruction 8500.01},
	institution={Department of Defense},
	address={Washington, D.C.},
	number={Incorporating Change 1, October 7, 2019},
	year={2019},
	url={https://www.esd.whs.mil/portals/54/documents/dd/issuances/dodi/850001_2014.pdf}
}
