@online{20240902:coker,
	title={National Cyber Director and Assistant Director},
	author={Coker, Harry},
	year={2024},
	organization={White House},
	url={https://youtu.be/xVYSvkogoUM?si=7i5_GbuShOJ4ShCt&t=259}
}

@online{20240902:whitehouse,
	title={Back to the Building Blocks},
	subtitle={A Path Toward Secure and Measurable Software},
	author={{The White House}},
	year={2024},
	url={https://www.whitehouse.gov/wp-content/uploads/2024/02/Final-ONCD-Technical-Report.pdf}
}

@article{20240902:hood,
	title={Ada Unchecked Conversions},
	author={Hood, Jon},
	year={2023},
	journal={SwATips.com},
	url={https://www.swatips.com/articles/20230410.html}
}

@article{20240902:hood2,
	title={Sticking with a RAII Standard},
	author={Hood, Jon},
	year={2021},
	journal={SwATips.com},
	url={https://www.swatips.com/articles/20210412.html}
}
