@techreport{20241118:nist80053rev5,
	author={National Institute of Standards and Technology},
	title={Security and Privacy Controls for Information Systems and Organizations},
	institution={U.S. Department of Commerce},
	address={Washington, D.C.},
	number={Special Publication (SP) 800-53 Revision 5},
	DOI={10.6028/NIST.SP.800-53r5},
	year={2020},
	url={https://nvlpubs.nist.gov/nistpubs/SpecialPublications/NIST.SP.800-53r5.pdf}
}

@misc{20241118:wikifuzzing,
	author = "{Wikipedia contributors}",
	title = "Fuzzing --- {Wikipedia}{,} The Free Encyclopedia",
	year = "2024",
	url = "https://en.wikipedia.org/w/index.php?title=Fuzzing&oldid=1249540069",
	note = "[Online; accessed 18-November-2024]"
}

@ARTICLE{20241118:ieee1012,
	author={{IEEE Standards Association}},
	journal={IEEE Std 1012-2016 (Revision of IEEE Std 1012-2012/ Incorporates IEEE Std 1012-2016/Cor1-2017)},
	title={IEEE Standard for System, Software, and Hardware Verification and Validation},
	year={2017},
	pages={1-260},
	doi={10.1109/IEEESTD.2017.8055462}
}
