@article{20240610:cio,
	title={Department of Defense Zero Trust Overlays},
	author={{Office of the Chief Information Officer}},
	year={2024},
	url={https://dodcio.defense.gov/Portals/0/Documents/Library/ZeroTrustOverlays-2024Feb.pdf}
}

@article{20240610:jackson,
	title={When Zero Trust Makes Zero Sense},
	author={Jackson, Eric},
	year={2024},
	organization={Aquia},
	url={https://blog.aquia.us/blog/2024-05-31-zero_trust_zero_sense/}
}

@techreport{20240610:nist800207,
	author={{National Institute of Standards and Technology}},
	title={Zero Trust Architecture},
	institution={U.S. Department of Commerce},
	address={Washington, D.C.},
	number={Special Publication (SP) 800-207},
	DOI={10.6028/NIST.SP.800-207},
	year={2020},
	url={https://nvlpubs.nist.gov/nistpubs/SpecialPublications/NIST.SP.800-207.pdf}
}

@techreport{20240610:cisa,
	author={{Cybersecurity and Infrastructure Security Agency}},
	title={Zero Trust Maturity Model},
	number={Version 2.0},
	year={2023},
	url={https://www.cisa.gov/sites/default/files/2023-04/zero_trust_maturity_model_v2_508.pdf}
}
