@article{20240527:hood,
	title={Side-Channel Attacks},
	author={Hood, Jon},
	year={2021},
	journal={SwATips.com},
	url={https://www.swatips.com/articles/20210524.html}
}
