@article{20250512:hood,
	title={Ada Unchecked Conversions},
	author={Hood, Jon},
	year={2023},
	journal={SwATips.com},
	url={https://www.swatips.com/articles/20230410.html}
}

@article{20250512:hood2,
	title={Back to the Building Blocks: Codifying Complacency},
	author={Hood, Jon},
	year={2024},
	journal={SwATips.com},
	url={https://www.swatips.com/articles/20240902.html}
}
