@article{20250707:cwe-457,
        title={CWE-457: Use of Uninitialized Variable},
        author={{CWE Content Team}},
        organization={MITRE},
        year={2025},
        url={https://cwe.mitre.org/data/definitions/457.html}
}
