@misc{swatips,
	title={SwATips},
	editor={Jon Hood},
	howpublished={\url{https://www.SwATips.com/}}
}
